@inproceedings{nguyen2005comparison,
  title={A comparison of line extraction algorithms using 2D laser rangefinder for indoor mobile robotics},
  author={Nguyen, Viet and Martinelli, Agostino and Tomatis, Nicola and Siegwart, Roland},
  booktitle={Intelligent Robots and Systems, 2005.(IROS 2005). 2005 IEEE/RSJ International Conference on},
  pages={1929--1934},
  year={2005},
  organization={IEEE}
}
